@misc{google-spdy,
  author  = {{Google Inc.}},
  title   = {{SPDY Performance on Mobile Networks}},
  year    = {2016},
  note    = {\url{http://developers.google.com/speed/articles/spdy-for-mobile}. Accessed 29.04.2016.}
}

@misc{http2_stats,
  author  = {{Q-Success}},
  title   = {{Usage of HTTP/2 for websites}},
  year    = {2016},
  note    = {\url{http://w3techs.com/technologies/details/ce-http2/all/all}. Accessed 30.04.2016.}
}
 (last accessed: 2015-APR-29)

@article{http2,
  author    = {Daniel Stenberg},
  title     = {{HTTP2 Explained}},
  journal   = {ACM SIGCOMM Computer Communication Review},
  volume    = 44,
  number    = 3,
  year      = 2014,
  pages     = {120-128},
  doi       = {10.1145/2534706.2534721},
  url       = {http://dx.doi.org/10.1145/2534706.2534721}
}

@article{previous_work,
  author    = {Shaiful Alam Chowdhury, Varun Sapra and Abram Hindle},
  title     = {{Is HTTP/2 More Energy Efficient Than HTTP/1.1 for Mobile Users?}},
  journal   = {PeerJ Preprints},
  year      = 2015
}

@inproceedings{greenminer,
 author = {Hindle, Abram and Wilson, Alex and Rasmussen, Kent and Barlow, E. Jed and Campbell, Joshua Charles and Romansky, Stephen},
 title = {GreenMiner: A Hardware Based Mining Software Repositories Software Energy Consumption Framework},
 booktitle = {Proceedings of the 11th Working Conference on Mining Software Repositories},
 series = {MSR 2014},
 year = {2014},
 isbn = {978-1-4503-2863-0},
 location = {Hyderabad, India},
 pages = {12--21},
 numpages = {10},
 url = {http://doi.acm.org/10.1145/2597073.2597097},
 doi = {10.1145/2597073.2597097},
 acmid = {2597097},
 publisher = {ACM},
 address = {New York, NY, USA},
 keywords = {Android, Software Change, Software Energy Consumption},
}
